
@article{automate,
    author    = "Z. Mammeri",
    title     = "Systèmes de transitions"
    address    = "Université Paul Sabatier, Toulouse"
}

@article{uppaal,
  author =       "Gerd Behrmann, Alexandre David, Kim G.Larsen",
  title =        "A Tutorial on UPPAAL 4.0",
  year =         "November 28, 2006"
  address = "Department of Computer Science, Aalborg University, Denmark"
}

@article{dot,
    author    = "Emden R. Gansner, Eleftherios Koutsofios, Stephen North,
    title     = "Drawing graphs with dot",
    year  = "January 5, 2015"
} 

@online{ympd,
  author = {Andy},
  title = {MPD Web GUI - written in C, utilizing Websockets and Bootstrap/JS},
  year = 2014,
  url = {http://www.ympd.org/},
  urldate = {2015-04-09}
}